%YAML 1.1
%TAG !u! tag:unity3d.com,2011:
--- !u!1001 &100100000
Prefab:
  m_ObjectHideFlags: 1
  serializedVersion: 2
  m_Modification:
    m_TransformParent: {fileID: 0}
    m_Modifications: []
    m_RemovedComponents: []
  m_ParentPrefab: {fileID: 0}
  m_RootGameObject: {fileID: 1597202715680118}
  m_IsPrefabParent: 1
--- !u!1 &1597202715680118
GameObject:
  m_ObjectHideFlags: 0
  m_PrefabParentObject: {fileID: 0}
  m_PrefabInternal: {fileID: 100100000}
  serializedVersion: 5
  m_Component:
  - component: {fileID: 4665291676912010}
  - component: {fileID: 33676135766659710}
  - component: {fileID: 23327491668146342}
  - component: {fileID: 65827730340542794}
  m_Layer: 0
  m_Name: SM_Huis01_001
  m_TagString: Untagged
  m_Icon: {fileID: 0}
  m_NavMeshLayer: 0
  m_StaticEditorFlags: 0
  m_IsActive: 1
--- !u!4 &4665291676912010
Transform:
  m_ObjectHideFlags: 1
  m_PrefabParentObject: {fileID: 0}
  m_PrefabInternal: {fileID: 100100000}
  m_GameObject: {fileID: 1597202715680118}
  m_LocalRotation: {x: -0, y: -1, z: -0, w: -0.0000005215406}
  m_LocalPosition: {x: -14.498, y: 0.84621, z: -4.8669}
  m_LocalScale: {x: 0.8817158, y: 0.8817158, z: 0.8817158}
  m_Children: []
  m_Father: {fileID: 0}
  m_RootOrder: 0
  m_LocalEulerAnglesHint: {x: 0, y: 540, z: 0}
--- !u!23 &23327491668146342
MeshRenderer:
  m_ObjectHideFlags: 1
  m_PrefabParentObject: {fileID: 0}
  m_PrefabInternal: {fileID: 100100000}
  m_GameObject: {fileID: 1597202715680118}
  m_Enabled: 1
  m_CastShadows: 1
  m_ReceiveShadows: 1
  m_MotionVectors: 1
  m_LightProbeUsage: 1
  m_ReflectionProbeUsage: 1
  m_Materials:
  - {fileID: 2100000, guid: af71695c8b9b3bc46ac428f3ad1480e9, type: 2}
  - {fileID: 2100000, guid: af71695c8b9b3bc46ac428f3ad1480e9, type: 2}
  - {fileID: 2100000, guid: d0d28a99006f4e04ca068664ab4b5bee, type: 2}
  - {fileID: 2100000, guid: af71695c8b9b3bc46ac428f3ad1480e9, type: 2}
  - {fileID: 2100000, guid: fbb4a5f209acb60428437e64915ae599, type: 2}
  m_StaticBatchInfo:
    firstSubMesh: 0
    subMeshCount: 0
  m_StaticBatchRoot: {fileID: 0}
  m_ProbeAnchor: {fileID: 0}
  m_LightProbeVolumeOverride: {fileID: 0}
  m_ScaleInLightmap: 1
  m_PreserveUVs: 0
  m_IgnoreNormalsForChartDetection: 0
  m_ImportantGI: 0
  m_SelectedEditorRenderState: 3
  m_MinimumChartSize: 4
  m_AutoUVMaxDistance: 0.5
  m_AutoUVMaxAngle: 89
  m_LightmapParameters: {fileID: 0}
  m_SortingLayerID: 0
  m_SortingLayer: 0
  m_SortingOrder: 0
--- !u!33 &33676135766659710
MeshFilter:
  m_ObjectHideFlags: 1
  m_PrefabParentObject: {fileID: 0}
  m_PrefabInternal: {fileID: 100100000}
  m_GameObject: {fileID: 1597202715680118}
  m_Mesh: {fileID: 4300000, guid: 7298223117261b44a93b59a5c0a92dca, type: 3}
--- !u!65 &65827730340542794
BoxCollider:
  m_ObjectHideFlags: 1
  m_PrefabParentObject: {fileID: 0}
  m_PrefabInternal: {fileID: 100100000}
  m_GameObject: {fileID: 1597202715680118}
  m_Material: {fileID: 0}
  m_IsTrigger: 0
  m_Enabled: 1
  serializedVersion: 2
  m_Size: {x: 4.408902, y: 2.1754653, z: 2.1993902}
  m_Center: {x: 0.0140366545, y: 1.0863715, z: 0.00000011920928}
